@misc{vesuvio-spec,
  title = "{VESUVIO} Specification",
  howpublished = "\url{http://www.isis.stfc.ac.uk/instruments/vesuvio/vesuvio4837.html}",
  note = {accessed 15/06/2015}
}

@misc{mantid,
  doi = {10.5286/Software/Mantid},
  title = {Mantid: Manipulation and Analysis Toolkit for Instrument Data.}
}

@article{calibration_of_evs,
  doi = {10.1016/j.nima.2010.09.079},
  year  = {2011},
  month = {jan},
  publisher = {Elsevier {BV}},
  volume = {625},
  number = {1},
  pages = {47--56},
  author = {J. Mayers and M.A. Adams},
  title = {Calibration of an electron volt neutron spectrometer},
  journal = {Nuclear Instruments and Methods in Physics Research Section A:
             Accelerators, Spectrometers, Detectors and Associated Equipment}
}

@article{vesuvio_analysis_programs,
  title = {User guide to VESUVIO data analysis programs for powers and liquids},
  author = {J Mayers},
  publisher = {Rutherford Appleton Laboratory, UK},
  journal = {Technical Report RAL-TR-2011-003},
  month = {jan},
  year = {2003}
}

@article{mayers_evs,
  author={J Mayers and G Reiter},
  title={The VESUVIO electron volt neutron spectrometer},
  journal={Measurement Science and Technology},
  volume={23},
  number={4},
  pages={045902},
  url={http://stacks.iop.org/0957-0233/23/i=4/a=045902},
  year={2012}
}

@article{momentum_dist_evs,
  author = {C. Andreani and D. Colognesi and J. Mayers and G. F. Reiter and R.
            Senesi},
  title = {Measurement of momentum distribution of lightatoms and molecules in
           condensed matter systems using inelastic neutron scattering},
  journal = {Advances in Physics},
  volume = {54},
  number = {5},
  pages = {377-469},
  year = {2005},
  doi = {10.1080/00018730500403136},
  URL = {http://dx.doi.org/10.1080/00018730500403136},
  eprint = {http://dx.doi.org/10.1080/00018730500403136},
}

@article{fabada,
  author={L C Pardo and M Rovira-Esteva and S Busch and M D Ruiz-Martin and J Ll
          Tamarit},
  title={FABADA: a Fitting Algorithm for Bayesian Analysis of DAta},
  journal={Journal of Physics: Conference Series},
  volume={325},
  number={1},
  pages={012006},
  url={http://stacks.iop.org/1742-6596/325/i=1/a=012006},
  year={2011}
}

@article{FabadaGoesMantid,
  author={D Monserrat and A Vispa and L C Pardo and R Tolchenov and S
          Mukhopadhyay and F Fernandez-Alonso},
  title={FABADA Goes MANTID to Answer an Old Question: How Many Lines Are
         There?},
  journal={Journal of Physics: Conference Series},
  volume={663},
  number={1},
  pages={012009},
  url={http://stacks.iop.org/1742-6596/663/i=1/a=012009},
  year={2015}
}

@article{Andreani2001,
   author = {"Andreani, C. and Degiorgi, E. and Senesi, R. and Cilloco, F. and
             Colognesi, D. and Mayers, J. and Nardone, M. and Pace, E."},
   title = {"Single particle dynamics in fluid and solid hydrogen sulphide: An
            inelastic neutron scattering study"},
   journal = "The Journal of Chemical Physics",
   year = "2001",
   volume = "114",
   number = "1",
   pages = "387-398",
   url = "http://scitation.aip.org/content/aip/journal/jcp/114/1/10.1063/1.1329139",
   doi = "http://dx.doi.org/10.1063/1.1329139"
}

@book{sivia_bayes,
  title={Data analysis: a Bayesian tutorial},
  author={Sivia, D.S. and Skilling, J.},
  isbn={9780198568315},
  lccn={2006284782},
  series={Oxford science publications},
  url={https://books.google.co.uk/books?id=6O8ZAQAAIAAJ},
  year={2006},
  publisher={Oxford University Press}
}
