@article{calibration_of_evs,
  doi = {10.1016/j.nima.2010.09.079},
  year  = {2011},
  month = {jan},
  publisher = {Elsevier {BV}},
  volume = {625},
  number = {1},
  pages = {47--56},
  author = {J Mayers and MA Adams},
  title = {Calibration of an electron volt neutron spectrometer},
  journal = {Nuclear Instruments and Methods in Physics Research Section A:
             Accelerators, Spectrometers, Detectors and Associated Equipment}
}

@misc{mantid,
  doi = {10.5286/Software/Mantid},
  title = {Mantid: Manipulation and Analysis Toolkit for Instrument Data.}
}

@article{ral_tr_2015_007,
  title = {Developments in MANTID relating to indirect inelastic spectroscopy
           between July 2014 - July 2015},
  author = {D Nixon},
  publisher = {Rutherford Appleton Laboratory, UK},
  journal = {RAL Technical Reports RAL-TR-2015-007},
  year = {2015}
}

@article{vesuvio_evs_mayers2012,
  author={J Mayers and G Reiter},
  title={The VESUVIO electron volt neutron spectrometer},
  journal={Measurement Science and Technology},
  volume={23},
  number={4},
  pages={045902},
  url={http://stacks.iop.org/0957-0233/23/i=4/a=045902},
  year={2012}
}

@misc{isis_website,
  title = "ISIS website",
  howpublished = "\url{http://www.isis.stfc.ac.uk/}",
  note = {accessed 31/10/2015}
}

@article{fabada,
  author={L C Pardo and M Rovira-Esteva and S Busch and M D Ruiz-Martin and J
          Ll Tamarit},
  title={FABADA: a Fitting Algorithm for Bayesian Analysis of DAta},
  journal={Journal of Physics: Conference Series},
  volume={325},
  number={1},
  pages={012006},
  url={http://stacks.iop.org/1742-6596/325/i=1/a=012006},
  year={2011}
}
