@misc{mantid,
  doi={10.5286/Software/Mantid},
  title={Mantid: Manipulation and Analysis Toolkit for Instrument Data.}
}

@misc{ellipsoid,
  url={https://commons.wikimedia.org/wiki/File%3ATriaxial_Ellipsoid.jpg},
  title={Triaxial Ellipsoid}
}

@article{fabada,
  author={L C Pardo and M Rovira-Esteva and S Busch and M D Ruiz-Martin and J Ll
          Tamarit},
  title={FABADA: a Fitting Algorithm for Bayesian Analysis of DAta},
  journal={Journal of Physics: Conference Series},
  volume={325},
  number={1},
  pages={012006},
  url={http://stacks.iop.org/1742-6596/325/i=1/a=012006},
  year={2011}
}
