@misc{Mantid,
  doi = {10.5286/Software/Mantid},
  title = {Mantid: Manipulation and Analysis Toolkit for Instrument Data.}
}

@article{Mayers2004,
  doi = {10.1088/0953-8984/16/28/005},
  year  = {2004},
  month = {jul},
  publisher = {{IOP} Publishing},
  volume = {16},
  number = {28},
  pages = {4811--4832},
  author = {J Mayers and T Abdul-Redah},
  title = {The measurement of anomalous neutron inelastic cross-sections at
           electronvolt energy transfers},
  journal = {Journal of Physics: Condensed Matter}
}

@article{Mayers2011,
  doi = {10.1016/j.nima.2010.09.079},
  year  = {2011},
  month = {jan},
  publisher = {Elsevier {BV}},
  volume = {625},
  number = {1},
  pages = {47--56},
  author = {J. Mayers and M.A. Adams},
  title = {Calibration of an electron volt neutron spectrometer},
  journal = {Nuclear Instruments and Methods in Physics Research Section A:
             Accelerators, Spectrometers, Detectors and Associated Equipment}
}

@article{Mayers2003,
  title = {User guide to VESUVIO data analysis programs for powers and liquids},
  author = {J Mayers},
  publisher = {Rutherford Appleton Laboratory, UK},
  journal = {Technical Report RAL-TR-2011-003},
  month = {jan},
  year = {2003}
}

@article{Mayers2012,
  author={J Mayers and G Reiter},
  title={The VESUVIO electron volt neutron spectrometer},
  journal={Measurement Science and Technology},
  volume={23},
  number={4},
  pages={045902},
  year={2012}
}

@article{Andreani2005,
  author = {C. Andreani and D. Colognesi and J. Mayers and G. F. Reiter and R.
            Senesi},
  title = {Measurement of momentum distribution of lightatoms and molecules in
           condensed matter systems using inelastic neutron scattering},
  journal = {Advances in Physics},
  volume = {54},
  number = {5},
  pages = {377-469},
  year = {2005},
  doi = {10.1080/00018730500403136},
  URL = {http://dx.doi.org/10.1080/00018730500403136},
  eprint = {http://dx.doi.org/10.1080/00018730500403136},
}

@article{Pardo2011,
  author={L C Pardo and M Rovira-Esteva and S Busch and M D Ruiz-Martin and J Ll
          Tamarit},
  title={FABADA: a Fitting Algorithm for Bayesian Analysis of DAta},
  journal={Journal of Physics: Conference Series},
  volume={325},
  number={1},
  pages={012006},
  year={2011}
}

@article{Levenberg1944,
  author = {Levenberg, Kenneth},
  journal = {Quarterly Journal of Applied Mathmatics},
  number = {2},
  pages = {164--168},
  posted-at = {2012-06-17 09:00:21},
  title = {{A method for the solution of certain non-linear problems in least
            squares}},
  volume = {II},
  year = {1944}
}

@article{Schooneveld2006,
  doi = {10.1063/1.2349598},
  year  = {2006},
  publisher = {{AIP} Publishing},
  volume = {77},
  number = {9},
  pages = {095103},
  author = {E. M. Schooneveld and J. Mayers and N. J. Rhodes and A. Pietropaolo
            and C. Andreani and R. Senesi and G.  Gorini and E. Perelli-Cippo
            and M. Tardocchi},
  title = {Foil cycling technique for the {VESUVIO} spectrometer operating in
  the resonance detector configuration},
  journal = {Rev. Sci. Instrum.}
}

@article{Romanelli2015,
  title = {On the quantum contributions to phase transitions in Water probed by
           inelastic neutron scattering},
  author = {G Romanelli},
  publisher = {Rutherford Appleton Laboratory, UK},
  year = {2015}
}

@article{Nixon2015,
  title = {Developments in MANTID relating to indirect inelastic spectroscopy
           between July 2014 - July 2015},
  author = {D Nixon},
  publisher = {Rutherford Appleton Laboratory, UK},
  journal = {RAL Technical Reports RAL-TR-2015-007},
  year = {2015}
}

@book{Windsor1986,
  author    = {C. Windsor},
  title     = {Pulsed Neutron Scattering},
  publisher = {Taylor and Francis},
  year      = 1821,
  address   = {London}
}

@misc{Mayers2010,
  title = {User guide to VESUVIO data analysis programs for powders and
           liquids},
  author = {J. Mayers},
  year = {2010},
  month = {10},
  howpublished = "\url{http://www.isis.stfc.ac.uk/instruments/vesuvio/documents/vesuvio-data-analysis-manual11089.pdf}",
  note = {accessed 01/05/2016}
}

@article{Sears1984,
  title = {Scaling and final-state interactions in deep-inelastic neutron
           scattering},
  author = {Sears, V. F.},
  journal = {Phys. Rev. B},
  volume = {30},
  issue = {1},
  pages = {44--51},
  numpages = {0},
  year = {1984},
  month = {Jul},
  publisher = {American Physical Society},
  doi = {10.1103/PhysRevB.30.44}
}

@article{Jackson2014,
	doi = {10.1088/1742-6596/571/1/012009},
	year = 2014,
	month = {dec},
	publisher = {{IOP} Publishing},
	volume = {571},
	pages = {012009},
  author = {S Jackson and M Krzystyniak and A G Seel and M Gigg and S E
            Richards and F Fernandez-Alonso},
	title = {{VESUVIO} Data Analysis Goes {MANTID}},
	journal = {J. Phys.: Conf. Ser.}
}

@article{West1975,
  title = "Electron scattering from atoms, nuclei and nucleons",
  journal = "Physics Reports",
  volume = "18",
  number = "5",
  pages = "263 - 323",
  year = "1975",
  note = "",
  issn = "0370-1573",
  doi = "10.1016/0370-1573(75)90035-6",
  author = "Geoffrey B. West"
}

@book{Sivia2006,
  author    = {D. S. Sivia and J. Skilling},
  title     = {Data analysis : a Bayesian tutorial},
  publisher = {Oxford University Press},
  year      = 2006,
  address   = {Oxford}
}

@article{Sivia1993,
  title = "An introduction to Bayesian model selection",
  journal = "Physica D: Nonlinear Phenomena",
  volume = "66",
  number = "1",
  pages = "234 - 242",
  year = "1993",
  note = "",
  issn = "0167-2789",
  doi = "10.1016/0167-2789(93)90241-R",
  author = "D.S. Sivia and W.I.F. David and K.S. Knight and S.F. Gull"
}

@article{Monserrat2015,
	doi = {10.1088/1742-6596/663/1/012009},
	year = 2015,
	month = {nov},
	publisher = {{IOP} Publishing},
	volume = {663},
	pages = {012009},
  author = {D Monserrat and A Vispa and L C Pardo and R Tolchenov and S
            Mukhopadhyay and F Fernandez-Alonso},
  title = {{FABADA} Goes {MANTID} to Answer an Old Question: How Many Lines Are
           There?},
	journal = {J. Phys.: Conf. Ser.}
}

@article{Mariscotti1967,
	doi = {10.1016/0029-554x(67)90058-4},
	year = 1967,
	month = {may},
	publisher = {Elsevier {BV}},
	volume = {50},
	number = {2},
	pages = {309--320},
	author = {M.A. Mariscotti},
  title = {A method for automatic identification of peaks in the presence of
           background and its application to spectrum analysis},
	journal = {Nuclear Instruments and Methods}
}

@article{Debye_1912,
	doi = {10.1002/andp.19123441404},
	year = 1912,
	publisher = {Wiley-Blackwell},
	volume = {344},
	number = {14},
	pages = {789--839},
	author = {P. Debye},
	title = {Zur Theorie der spezifischen W\"armen},
	journal = {Ann. Phys.}
}

